<record><leader>03858cam a2200493 i 45 0</leader><controlfield tag="001">6759341</controlfield><controlfield tag="003">OCoLC</controlfield><controlfield tag="005">20141216121514.0</controlfield><controlfield tag="008">140702s2015    nyuab    b    001 0 eng  </controlfield><datafield ind1=" " ind2=" " tag="010"><subfield code="a">  2014024879</subfield></datafield><datafield ind1=" " ind2=" " tag="020"><subfield code="a">9780815344667</subfield><subfield code="q">(paperback)</subfield></datafield><datafield ind1=" " ind2=" " tag="020"><subfield code="a">081534466X</subfield><subfield code="q">(paperback)</subfield></datafield><datafield ind1=" " ind2=" " tag="020"><subfield code="z">9780815345268</subfield><subfield code="q">(looseleaf)</subfield></datafield><datafield ind1=" " ind2=" " tag="020"><subfield code="a">9780815345275</subfield><subfield code="q">(pb ise)</subfield></datafield><datafield ind1=" " ind2=" " tag="020"><subfield code="a">0815345275</subfield><subfield code="q">(pb ise)</subfield></datafield><datafield ind1=" " ind2=" " tag="035"><subfield code="a">ocn882738826</subfield></datafield><datafield ind1=" " ind2=" " tag="040"><subfield code="a">DLC</subfield><subfield code="b">eng</subfield><subfield code="e">rda</subfield><subfield code="c">DLC</subfield><subfield code="d">YDX</subfield><subfield code="d">YDXCP</subfield><subfield code="d">BTCTA</subfield><subfield code="d">BDX</subfield><subfield code="d">CUS</subfield><subfield code="d">OCLCQ</subfield><subfield code="d">UAB</subfield></datafield><datafield ind1=" " ind2=" " tag="042"><subfield code="a">pcc</subfield></datafield><datafield ind1="0" ind2="0" tag="050"><subfield code="a">QR181</subfield><subfield code="b">.P335 2015</subfield></datafield><datafield ind1=" " ind2="4" tag="060"><subfield code="a">QW 504 P229i 2015</subfield></datafield><datafield ind1="0" ind2="0" tag="082"><subfield code="a">616.07/9</subfield><subfield code="2">23</subfield></datafield><datafield ind1=" " ind2=" " tag="084"><subfield code="a">MED044000</subfield><subfield code="a">SCI007000</subfield><subfield code="a">SCI008000</subfield><subfield code="2">bisacsh</subfield></datafield><datafield ind1=" " ind2=" " tag="090"><subfield code="a">QR 181 P32 2015</subfield><subfield code="b">AEU</subfield></datafield><datafield ind1="1" ind2=" " tag="100"><subfield code="a">Parham, Peter,</subfield><subfield code="d">1950-</subfield><subfield code="e">author.</subfield></datafield><datafield ind1="1" ind2="4" tag="245"><subfield code="a">The immune system /</subfield><subfield code="c">Peter Parham.</subfield></datafield><datafield ind1=" " ind2=" " tag="250"><subfield code="a">Fourth edition.</subfield></datafield><datafield ind1=" " ind2="1" tag="264"><subfield code="a">New York, NY :</subfield><subfield code="b">Garland Science, Taylor &amp; Francis Group,</subfield><subfield code="c">[2015]</subfield></datafield><datafield ind1=" " ind2=" " tag="300"><subfield code="a">xxi, 532 pages, 70 variously pages :</subfield><subfield code="b">illustrations (some color), maps (chiefly color) ;</subfield><subfield code="c">28 cm</subfield></datafield><datafield ind1=" " ind2=" " tag="336"><subfield code="a">text</subfield><subfield code="b">txt</subfield><subfield code="2">rdacontent</subfield></datafield><datafield ind1=" " ind2=" " tag="337"><subfield code="a">unmediated</subfield><subfield code="b">n</subfield><subfield code="2">rdamedia</subfield></datafield><datafield ind1=" " ind2=" " tag="338"><subfield code="a">volume</subfield><subfield code="b">nc</subfield><subfield code="2">rdacarrier</subfield></datafield><datafield ind1=" " ind2=" " tag="500"><subfield code="a">"The Immune system is adapted from Janeway's Immunobiology by Kenneth Murphy, also published by Garland Science"--Title page verso.</subfield></datafield><datafield ind1=" " ind2=" " tag="500"><subfield code="a">Includes index.</subfield></datafield><datafield ind1=" " ind2=" " tag="504"><subfield code="a">Includes bibliographical references and index.</subfield></datafield><datafield ind1=" " ind2=" " tag="520"><subfield code="a">"The Immune System, Fourth Edition, emphasizes the human immune system and synthesizes immunological concepts into a coherent, up-to-date, and reader-friendly account of how the immune system works. Written for undergraduate, medical, veterinary, dental, and pharmacy students, it makes generous use of medical examples to illustrate points. The Fourth Edition has been extensively revised and updated. Innate immunity has undergone major revision to reflect this expanding and fast-moving field, and is now divided between two chapters: Chapter 2 "Innate Immunity: The Immediate Response to Infection," which deals with complement and other soluble molecules of innate immunity such as antimicrobial peptides, and Chapter 3 "Innate Immunity: The Induced Response to Infection," which deals mainly with the cellular response. Chapters 4-9 have been updated and material has been consolidated to eliminate repetition. Mucosal immunology has exploded as a field since the Third Edition was published, thus its coverage in chapter 10, now devoted to the topic, has been significantly expanded and updated. Also, more emphasis is placed on commensal microorganisms, particularly of the gut, and their interactions with the immune system. Immunological memory and the secondary immune response is now the first part of Chapter 11. The second part of this chapter, entitled "Vaccination to Prevent Infectious Disease," will include new and more modern material. "Bridging Innate and Adaptive Immunity" will also have its own chapter. The remaining clinical chapters will be revised and updated with new immunotherapies, but their content and organization will remain largely the same. The Fourth Edition will be accompanied by an updated and greatly expanded question bank, as well as PowerPoints and JPEGs of all the figures in the text."--</subfield><subfield code="c">Provided by publisher.</subfield></datafield><datafield ind1=" " ind2=" " tag="596"><subfield code="a">42</subfield></datafield><datafield ind1=" " ind2="0" tag="650"><subfield code="a">Immune system.</subfield></datafield><datafield ind1=" " ind2="0" tag="650"><subfield code="a">Immunopathology.</subfield></datafield><datafield ind1=" " ind2="2" tag="650"><subfield code="a">Immune System.</subfield></datafield><datafield ind1=" " ind2="2" tag="650"><subfield code="a">Immunity.</subfield></datafield><datafield ind1="1" ind2=" " tag="700"><subfield code="i">Based on:</subfield><subfield code="a">Janeway, Charles.</subfield><subfield code="t">Immunobiology.</subfield></datafield><datafield ind1="4" ind2="2" tag="856"><subfield code="3">Cover image</subfield><subfield code="u">http://images.tandf.co.uk/common/jackets/websmall/978081534/9780815344667.jpg</subfield></datafield><datafield ind1=" " ind2=" " tag="926"><subfield code="a">QR 181 P32 2015</subfield><subfield code="w">LC</subfield><subfield code="c">1</subfield><subfield code="i">0162034598555</subfield><subfield code="d">3/17/2017</subfield><subfield code="e">3/17/2017</subfield><subfield code="k">CHECKEDOUT</subfield><subfield code="l">ON_SHELF</subfield><subfield code="m">UAHLTHSC</subfield><subfield code="n">11</subfield><subfield code="p">$150.00</subfield><subfield code="r">M</subfield><subfield code="s">Y</subfield><subfield code="t">BOOK</subfield><subfield code="u">12/16/2014</subfield><subfield code="0">TEXTBOOK</subfield></datafield><datafield ind1=" " ind2=" " tag="926"><subfield code="a">QR 181 P32 2015</subfield><subfield code="w">LC</subfield><subfield code="c">2</subfield><subfield code="i">0162033615830</subfield><subfield code="d">12/21/2016</subfield><subfield code="e">11/23/2016</subfield><subfield code="l">ON_SHELF</subfield><subfield code="m">UAHLTHSC</subfield><subfield code="n">8</subfield><subfield code="p">$150.00</subfield><subfield code="r">Y</subfield><subfield code="s">Y</subfield><subfield code="t">BOOK</subfield><subfield code="u">1/5/2015</subfield><subfield code="0">TEXTBOOK</subfield></datafield></record>